%META LEARNING

%Survey
@article{hospedales2021meta,
  title={Meta-learning in neural networks: A survey},
  author={Hospedales, Timothy and Antoniou, Antreas and Micaelli, Paul and Storkey, Amos},
  journal={IEEE transactions on pattern analysis and machine intelligence},
  volume={44},
  number={9},
  pages={5149--5169},
  year={2021},
  publisher={IEEE}
}

%Learning2learn
@incollection{thrun1998learning,
  title={Learning to learn: Introduction and overview},
  author={Thrun, Sebastian and Pratt, Lorien},
  booktitle={Learning to learn},
  pages={3--17},
  year={1998},
  publisher={Springer}
}

% Learning feed-forward
@inproceedings{gordon2018metalearning,
  title={Meta-Learning Probabilistic Inference for Prediction},
  author={Jonathan Gordon and John Bronskill and Matthias Bauer and Sebastian Nowozin and Richard Turner},
  booktitle={International Conference on Learning Representations},
  year={2019},
  url={https://openreview.net/forum?id=HkxStoC5F7},
}

%In-context
@article{dong2022survey,
  title={A survey for in-context learning},
  author={Dong, Qingxiu and Li, Lei and Dai, Damai and Zheng, Ce and Wu, Zhiyong and Chang, Baobao and Sun, Xu and Xu, Jingjing and Sui, Zhifang},
  journal={arXiv preprint arXiv:2301.00234},
  year={2022}
}


@article{wang2021survey,
  title={A survey on curriculum learning},
  author={Wang, Xin and Chen, Yudong and Zhu, Wenwu},
  journal={IEEE Transactions on Pattern Analysis and Machine Intelligence},
  volume={44},
  number={9},
  pages={4555--4576},
  year={2021} 
}

%MAML
@inproceedings{finn2017model,
  title={Model-agnostic meta-learning for fast adaptation of deep networks},
  author={Finn, Chelsea and Abbeel, Pieter and Levine, Sergey},
  booktitle={International conference on machine learning},
  pages={1126--1135},
  year={2017},
  organization={PMLR}
}


@InProceedings{franceschi2018bilevel,
  title = 	 {Bilevel Programming for Hyperparameter Optimization and Meta-Learning},
  author =       {Franceschi, Luca and Frasconi, Paolo and Salzo, Saverio and Grazzi, Riccardo and Pontil, Massimiliano},
  booktitle = 	 {Proceedings of the 35th International Conference on Machine Learning},
  pages = 	 {1568--1577},
  year = 	 {2018},
  editor = 	 {Dy, Jennifer and Krause, Andreas},
  volume = 	 {80},
  series = 	 {Proceedings of Machine Learning Research},
  month = 	 {10--15 Jul},
  publisher =    {PMLR},
  pdf = 	 {http://proceedings.mlr.press/v80/franceschi18a/franceschi18a.pdf},
  url = 	 {https://proceedings.mlr.press/v80/franceschi18a.html},
}

 

%MAML in system identification
@inproceedings{chakrabarty2023meta,
author = {Chakrabarty, Ankush and Wichern, Gordon and Laughman, Christopher R.},
title = {Meta-Learning of Neural State-Space Models Using Data From Similar Systems},
booktitle = {World Congress of the International Federation of Automatic Control (IFAC)},
year = 2023,
month = jul,
url = {https://www.merl.com/publications/TR2023-087}
}

#%GPT one-step-ahead
@article{balim2023can,
  title={Can Transformers Learn Optimal Filtering for Unknown Systems?},
  author={Balim, Haldun and Du, Zhe and Oymak, Samet and Ozay, Necmiye},
  journal={arXiv preprint arXiv:2308.08536},
  year={2023}
}

%TRANSFORMERS
@article{vaswani2017attention,
  title={Attention is all you need},
  author={Vaswani, Ashish and Shazeer, Noam and Parmar, Niki and Uszkoreit, Jakob and Jones, Llion and Gomez, Aidan N and Kaiser, {\L}ukasz and Polosukhin, Illia},
  journal={Advances in neural information processing systems},
  volume={30},
  year={2017}
}

%GPT-2
@article{radford2019language,
  title={Language models are unsupervised multitask learners},
  author={Radford, Alec and Wu, Jeffrey and Child, Rewon and Luan, David and Amodei, Dario and Sutskever, Ilya and others},
  journal={OpenAI blog},
  volume={1},
  number={8},
  pages={9},
  year={2019}
}

@misc{nanoGPT,
    author = "Andrej Karpathy",
    title = "{nanoGPT}",
    howpublished = {\url{https://github.com/karpathy/nanoGPT}},
    year = {2023},
    note = {Accessed: June 6, 2023}
}


%ML generic
@book{murphy2022probabilistic,
  title={Probabilistic machine learning: an introduction},
  author={Murphy, Kevin P},
  year={2022},
  publisher={MIT press}
}

% MISC

%PyTorch
@article{paszke2019pytorch,
  title={Pytorch: An imperative style, high-performance deep learning library},
  author={Paszke, Adam and Gross, Sam and Massa, Francisco and Lerer, Adam and Bradbury, James and Chanan, Gregory and Killeen, Trevor and Lin, Zeming and Gimelshein, Natalia and Antiga, Luca and others},
  journal={Advances in neural information processing systems},
  volume={32},
  year={2019}
}

%python-control
@inproceedings{python-control2021,
  title={The Python Control Systems Library (python-control)},
  author={Fuller, Sawyer and Greiner, Ben and Moore, Jason and
          Murray, Richard and van Paassen, Ren{\'e} and Yorke, Rory},
  booktitle={60th IEEE Conference on Decision and Control (CDC)},
  pages={4875--4881},
  year={2021},
  organization={IEEE}
}

%kaiming
@inproceedings{wu2018group,
  title={Group normalization},
  author={Wu, Yuxin and He, Kaiming},
  booktitle={Proceedings of the European conference on computer vision (ECCV)},
  pages={3--19},
  year={2018}
}

@article{hochreiter1997long,
  title={Long short-term memory},
  author={Hochreiter, Sepp and Schmidhuber, J{\"u}rgen},
  journal={Neural computation},
  volume={9},
  number={8},
  pages={1735--1780},
  year={1997},
  publisher={MIT press}
}

@book{ljung1999system,
  title = {System Identification: Theory for the User},
  author = {Ljung, Lennart},
  year = {1999},
  publisher = {Prentice Hall},
  series = {Prentice Hall Information and System Sciences Series},
  address = {Upper Saddle River, NJ},
  edition = {2nd},
  isbn = {978-0136566953},
}

@article{gevers2005identification,
  title={Identification for control: From the early achievements to the revival of experiment design},
  author={Gevers, Michel},
  journal={European journal of control},
  volume={11},
  number={4-5},
  pages={335--352},
  year={2005} 
}

@article{piga2019performance,
  title={Performance-oriented model learning for data-driven {MPC} design},
  author={Piga, Dario and Forgione, Marco and Formentin, Simone and Bemporad, Alberto},
  journal={IEEE control systems letters},
  volume={3},
  number={3},
  pages={577--582},
  year={2019}
}

@article{lovera2013lpv,
  title={{LPV modelling and identification: An overview}},
  author={Lovera, Marco and Bergamasco, Marco and Casella, Francesco},
  journal={Robust Control and Linear Parameter Varying Approaches: Application to Vehicle Dynamics},
  pages={3--24},
  year={2013} 
}

@article{breschi2016piecewise,
  title={Piecewise affine regression via recursive multiple least squares and multicategory discrimination},
  author={Breschi, Valentina and Piga, Dario and Bemporad, Alberto},
  journal={Automatica},
  volume={73},
  pages={155--162},
  year={2016} 
}

@article{mejari2020identification,
  title={Identification of hybrid and linear parameter-varying models via piecewise affine regression using mixed integer programming},
  author={Mejari, Manas and Naik, Vihangkumar V and Piga, Dario and Bemporad, Alberto},
  journal={International Journal of Robust and Nonlinear Control},
  volume={30},
  number={15},
  pages={5802--5819},
  year={2020},
  publisher={Wiley Online Library}
}

@article{forgione2021dynonet,
  title={{dynoNet: A neural network architecture for learning dynamical systems}},
  author={Forgione, Marco and Piga, Dario},
  journal={International Journal of Adaptive Control and Signal Processing},
  volume={35},
  number={4},
  pages={612--626},
  year={2021} 
}

@article{beintema2023deep,
  title={Deep subspace encoders for nonlinear system identification},
  author={Beintema, Gerben I and Schoukens, Maarten and T{\'o}th, Roland},
  journal={Automatica},
  volume={156}, 
  year={2023} 
}

@article{masti2021learning,
  title={Learning nonlinear state--space models using autoencoders},
  author={Masti, Daniele and Bemporad, Alberto},
  journal={Automatica},
  volume={129}, 
  year={2021} 
}

@article{forgione2021continuous,
  title={Continuous-time system identification with neural networks: Model structures and fitting criteria},
  author={Forgione, Marco and Piga, Dario},
  journal={European Journal of Control},
  volume={59},
  pages={69--81},
  year={2021} 
}

@book{pintelon2012system,
  title={System identification: a frequency domain approach},
  author={Pintelon, Rik and Schoukens, Johan},
  year={2012},
  publisher={John Wiley \& Sons}
}

@inproceedings{andersson2019deep,
  title={Deep convolutional networks in system identification},
  author={Andersson, Carl and Ribeiro, Ant{\^o}nio H and Tiels, Koen and Wahlstr{\"o}m, Niklas and Sch{\"o}n, Thomas B},
  booktitle={IEEE 58th conference on decision and control (CDC)},
  pages={3670--3676},
  year={2019}
}

@book{giri2010block,
  title={Block-oriented nonlinear system identification},
  author={Giri, Fouad and Bai, Er-Wei},
  volume={1},
  year={2010},
  publisher={Springer}
}

#AdamW
@article{loshchilov2017decoupled,
  title={Decoupled weight decay regularization},
  author={Loshchilov, Ilya and Hutter, Frank},
  journal={arXiv preprint arXiv:1711.05101},
  year={2017}
}